<record><leader>00000cas a2200000 a 4500</leader><controlfield tag="001">12098807</controlfield><controlfield tag="008">850531d19001907ksuwr ne      0    0eng d</controlfield><controlfield tag="009">3789</controlfield><datafield ind1=" " ind2=" " tag="010"><subfield code="a">sn 85029240 </subfield></datafield><datafield ind1=" " ind2=" " tag="040"><subfield code="a">KSH</subfield><subfield code="b">eng</subfield><subfield code="c">KSH</subfield><subfield code="d">NPT</subfield><subfield code="d">DLC</subfield><subfield code="d">OCL</subfield></datafield><datafield ind1=" " ind2=" " tag="042"><subfield code="a">msc</subfield></datafield><datafield ind1="0" ind2=" " tag="130"><subfield code="a">Western life (Leavenworth, Kan.)</subfield></datafield><datafield ind1="0" ind2="0" tag="245"><subfield code="a">Western life.</subfield></datafield><datafield ind1=" " ind2=" " tag="260"><subfield code="a">Leavenworth, Kan. :</subfield><subfield code="b">Advertiser Pub. Co.,</subfield><subfield code="c">1900-1907.</subfield></datafield><datafield ind1=" " ind2=" " tag="300"><subfield code="a">7 v. :</subfield><subfield code="b">ill. ;</subfield><subfield code="c">35-59 cm.</subfield></datafield><datafield ind1=" " ind2=" " tag="310"><subfield code="a">Weekly</subfield></datafield><datafield ind1="0" ind2=" " tag="362"><subfield code="a">Vol. 2, no. 66 (Aug. 3, 1900)-v. 7, no. 417 (July 11, 1907).</subfield></datafield><datafield ind1=" " ind2=" " tag="500"><subfield code="a">Published simultaneously at Topeka, Kan., Aug. 23, 1906-July 11, 1907.</subfield></datafield><datafield ind1=" " ind2=" " tag="500"><subfield code="a">Published by: Fred W. Jameson, Sept. 6, 1900-July 27, 1905; The Post Pub. Co., Aug. 3, 1905-Aug. 16, 1906.</subfield></datafield><datafield ind1=" " ind2=" " tag="515"><subfield code="a">Numbering is irregular.</subfield></datafield><datafield ind1=" " ind2=" " tag="580"><subfield code="a">Also issued a daily edition called: Leavenworth post and western life, Aug. 19, 1905-Aug. 17, 1906; Leavenworth post (Leavenworth, Kan. : 1906), Aug. 18, 1906-July 11, 1907.</subfield></datafield><datafield ind1=" " ind2=" " tag="580"><subfield code="a">Continued by the periodical: Western life.</subfield></datafield><datafield ind1=" " ind2=" " tag="752"><subfield code="a">United States</subfield><subfield code="b">Kansas</subfield><subfield code="c">Leavenworth</subfield><subfield code="d">Leavenworth.</subfield></datafield><datafield ind1="1" ind2=" " tag="775"><subfield code="t">Leavenworth post and western life</subfield><subfield code="w">(DLC)sn 85029315</subfield></datafield><datafield ind1="1" ind2=" " tag="775"><subfield code="t">Leavenworth post (Leavenworth, Kan. : 1906)</subfield><subfield code="w">(DLC)sn 85029320</subfield></datafield><datafield ind1="0" ind2="0" tag="780"><subfield code="t">Leavenworth advertiser (Leavenworth, Kan. : 1899)</subfield><subfield code="w">(DLC)sn 85029239</subfield></datafield><datafield ind1="1" ind2="0" tag="785"><subfield code="t">Western life</subfield></datafield><datafield ind1="0" ind2="0" tag="785"><subfield code="t">Horse &amp; rider</subfield><subfield code="x">0018-5159</subfield><subfield code="w">(DLC)   70206069</subfield><subfield code="w">(OCoLC)5718624</subfield></datafield></record>